@book{HelicalAntennas,
	author = {Zoran Blazevic und Maja Skiljo},
	title = {Helical Antennas in Satellite Radio Channel},
	date = {27 Juli 2011},
}
@online{helixWebsite,
	ALTauthor = {antenna-theory.com},
	title = { Helical Antenna (Helix)},
	date = {2009-2011},
	url = {https://www.antenna-theory.com/antennas/travelling/helix.php},
}

@book{Kraus-2002-AntennasB,
	added-at = {2014-01-13T13:57:58.000+0100},
	author = {Kraus, John D and Marhefka, Ronald J},
	biburl = {https://www.bibsonomy.org/bibtex/26d143299601a8dbaf4bfc130721702ff/antmw},
	interhash = {8389d39ba054dabeed762826f0e3eabf},
	intrahash = {6d143299601a8dbaf4bfc130721702ff},
	keywords = {Antenna Textbook},
	publisher = {McGraw-Hill},
	timestamp = {2014-03-22T17:05:02.000+0100},
	title = {Antenna for all applications},
	year = 2002
}

@online{helix-calc-daycounter,
	title = {Helical Antenna Design Calculator},
	url = {https://www.daycounter.com/Calculators/Helical-Antenna-Design-Calculator.phtml},
	urldate = {2024-02-22},
	file = {Helical Antenna Design Calculator:C\:\\Users\\gabri\\Zotero\\storage\\MDZZX7RN\\Helical-Antenna-Design-Calculator.html:text/html},
}


@book{takashi_encyclopedia_2003,
	edition = {3},
	title = {Encyclopedia of Physical Science and Technology},
	url = {https://www.sciencedirect.com/topics/physics-and-astronomy/faraday-effect},
	author = {Takashi, Iida and Hiromitsu, Wakana},
	urldate = {2024-02-24},
	date = {2003},
	file = {Faraday Effect - an overview | ScienceDirect Topics:C\:\\Users\\gabri\\Zotero\\storage\\TS3E8B8U\\faraday-effect.html:text/html},
}
